%% LaTeX2e file `CS2002-Practical3-Report.bib'
%% generated by the `filecontents' environment
%% from source `CS2002-Practical3-Report' on 2018/03/16.
%%
  @book{lit1,
    author      =   {Author, A. N.},
    title       =   {Title},
    publisher   =   {Publisher},
    address     =   {Location},
    year        =   {1066}}
